@inproceedings{MavroeidisB17,
  author    = {Vasileios Mavroeidis and
               Siri Bromander},
  title     = {Cyber Threat Intelligence Model: An Evaluation of Taxonomies, Sharing
               Standards, and Ontologies within Cyber Threat Intelligence},
  booktitle = {European Intelligence and Security Informatics Conference, {EISIC}
               2017, Athens, Greece, September 11-13, 2017},
  pages     = {91--98},
  doi       = {10.1109/EISIC.2017.20},
  editor    = {Joel Brynielsson},
  publisher = {{IEEE} Computer Society},
  year      = {2017},
  isbn      = {978-1-5386-2385-5},
}


@inproceedings{SyedPFMJ16,
  author    = {Zareen Syed and
               Ankur Padia and
               Tim Finin and
               M. Lisa Mathews and
               Anupam Joshi},
  title     = {{UCO:} {A} Unified Cybersecurity Ontology},
  booktitle = {Artificial Intelligence for Cyber Security, Papers from the
2016 {AAAI}
               Workshop, Phoenix, Arizona, USA, February 12, 2016},
  editor    = {David R. Martinez and
               William W. Streilein and
               Kevin M. Carter and
               Arunesh Sinha},
  series    = {{AAAI} Workshops},
  volume    = {{WS-16-03}},
  publisher = {{AAAI} Press},
  year      = {2016},
}

@article{TakahashiPKN18,
  author    = {Takeshi Takahashi and
               Bhola Panta and
               Youki Kadobayashi and
               Koji Nakao},
  title     = {Web of cybersecurity: Linking, locating, and discovering
structured
               cybersecurity information},
  journal   = {Int. J. Communication Systems},
  volume    = {31},
  number    = {3},
  year      = {2018},
  doi       = {10.1002/dac.3470},
}

@inproceedings{obrst2012developing,
  title={Developing an Ontology of the Cyber Security Domain.},
  author={Obrst, Leo and Chase, Penny and Markeloff, Richard},
  booktitle={STIDS},
  pages={49--56},
  year={2012}
}

@inproceedings{oltramari2014building,
  title={Building an Ontology of Cyber Security.},
  author={Oltramari, Alessandro and Cranor, Lorrie Faith and Walls, Robert J and McDaniel, Patrick D},
  booktitle={STIDS},
  pages={54--61},
  year={2014},
  organization={Citeseer}
}

@inproceedings{pinkston2004target,
  title={A target-centric ontology for intrusion detection},
  author={Pinkston, John and Undercoffer, Jeffrey and Joshi, Anupam and
Finin, Timothy},
  booktitle={Procs.\ of the IJCAI-03 Workshop on Ontologies and Distributed Systems},
  year={2003},
}
